<?xml version="1.0" encoding="utf-8"?>
<record xmlns="http://www.loc.gov/MARC21/slim" xmlns:xsi="http://www.w3.org/2001/XMLSchema-instance" xsi:schemaLocation="http://www.loc.gov/MARC21/slim http://www.loc.gov/standards/marcxml/schema/MARC21slim.xsd">
	<leader>     nam a22     Mi 4500</leader>
	<controlfield tag="001">2763399</controlfield>
	<controlfield tag="003">NjP</controlfield>
	<controlfield tag="006">m        d        </controlfield>
	<controlfield tag="007">cr cn |||m|||a</controlfield>
	<controlfield tag="008">210113q19041907ua      o     000 0 arard</controlfield>
	<datafield ind1=" " ind2=" " tag="040">
		<subfield code="a">ZYU</subfield>
		<subfield code="b">ara</subfield>
		<subfield code="e">rda</subfield>
		<subfield code="c">ZYU</subfield>
	</datafield>
	<datafield ind1=" " ind2="4" tag="050">
		<subfield code="a">BP152</subfield>
		<subfield code="b">.K39</subfield>
	</datafield>
	<datafield ind1="1" ind2=" " tag="100">
		<subfield code="a">Kawākibī, Muḥammad ibn Ḥasan,</subfield>
		<subfield code="d">1609-1685.</subfield>
	</datafield>
	<datafield ind1="1" ind2="3" tag="245">
		<subfield code="a">al-Fawā'id al-samīyah fī sharḥ al-nuẓum al-musammá bi-al-Farā'id al-sunnīyah fī furūʻ al-fiqh ʻalá madhhab al-Imām Abī Ḥanīfah al-Nuʻmān /</subfield>
		<subfield code="c">li-Muḥammad ibn Ḥasan ibn Aḥmad al-Kawākibī ; wa-yalihi sharḥ manẓumat al-Farā'id al-musamāh bi-al-Lawāmiʻ al-ḍiyā'īyah li-ʻAbd Allāh ibn ʻAbd al-Raḥmān al-Ḥanbalī ; wa-bi-hāmishihi Irshād al-Ṭālib ilá manẓumat al-Kawākib fī ʻilm al-uṣūl lil-Kawākibi.</subfield>
	</datafield>
	<datafield ind1=" " ind2=" " tag="250">
		<subfield code="a">al-Ṭabʻah 1.</subfield>
	</datafield>
	<datafield ind1=" " ind2=" " tag="260">
		<subfield code="a">Bulāq :</subfield>
		<subfield code="b">al-Maṭbaʻah al-Kubrá al-Amīrīyah,</subfield>
		<subfield code="c">1322-24[1904 or 05-1906 or 7]</subfield>
	</datafield>
	<datafield ind1=" " ind2=" " tag="300">
		<subfield code="a">online resource (2 volumes)</subfield>
	</datafield>
	<datafield ind1=" " ind2=" " tag="336">
		<subfield code="a">text</subfield>
		<subfield code="2">rdacontent</subfield>
	</datafield>
	<datafield ind1=" " ind2=" " tag="337">
		<subfield code="a">computer</subfield>
		<subfield code="2">rdamedia</subfield>
	</datafield>
	<datafield ind1=" " ind2=" " tag="338">
		<subfield code="a">online resource</subfield>
		<subfield code="2">rdacarrier</subfield>
	</datafield>
	<datafield ind1=" " ind2=" " tag="500">
		<subfield code="a">Part of the Arabic Collections Online (ACO) project, contributed by Princeton University Libraries.</subfield>
	</datafield>
	<datafield ind1=" " ind2=" " tag="533">
		<subfield code="a">Electronic reproduction.</subfield>
		<subfield code="b">New York, N.Y. :</subfield>
		<subfield code="c">New York University,</subfield>
		<subfield code="d">2021.</subfield>
		<subfield code="5">NNU</subfield>
	</datafield>
	<datafield ind1=" " ind2="0" tag="650">
		<subfield code="a">Islamic law.</subfield>
	</datafield>
	<datafield ind1=" " ind2="0" tag="650">
		<subfield code="a">Hanafites.</subfield>
	</datafield>
	<datafield ind1=" " ind2="7" tag="650">
		<subfield code="a">Hanafites.</subfield>
		<subfield code="2">fast</subfield>
		<subfield code="0">(OCoLC)fst00950818</subfield>
	</datafield>
	<datafield ind1=" " ind2="7" tag="650">
		<subfield code="a">Islamic law.</subfield>
		<subfield code="2">fast</subfield>
		<subfield code="0">(OCoLC)fst00979949</subfield>
	</datafield>
	<datafield ind1="1" ind2=" " tag="700">
		<subfield code="a">Kawākibī, Muḥammad ibn Ḥasan,</subfield>
		<subfield code="d">1609-1685.</subfield>
		<subfield code="t">Irshād al-ṭālib.</subfield>
	</datafield>
	<datafield ind1="2" ind2=" " tag="710">
		<subfield code="a">Princeton University.</subfield>
		<subfield code="b">Library.</subfield>
	</datafield>
	<datafield ind1="0" ind2=" " tag="730">
		<subfield code="a">Arabic Collections Online.</subfield>
	</datafield>
	<datafield ind1="0" ind2="8" tag="776">
		<subfield code="i">Online version:</subfield>
		<subfield code="a">Kawākibī, Muḥammad ibn Ḥasan, 1609-1685.</subfield>
		<subfield code="t">Fawā'id al-samīyah fī sharḥ al-nuẓum al-musammá bi-al-Farā'id al-sunnīyah fī furūʻ al-fiqh ʻalá madhhab al-Imām Abī Ḥanīfah al-Nuʻmān.</subfield>
		<subfield code="b">al-Ṭabʻah 1.</subfield>
		<subfield code="d">Bulāq : al-Maṭbaʻah al-Kubrá al-Amīrīyah, 1322-24[1904 or 05-1906 or 7]</subfield>
		<subfield code="w">(OCoLC)603581661</subfield>
	</datafield>
	<datafield ind1="0" ind2="8" tag="776">
		<subfield code="i">Print version:</subfield>
		<subfield code="a">Kawākibī, Muḥammad ibn Ḥasan, 1609-1685.</subfield>
		<subfield code="t">al-Fawā'id al-samīyah fī sharḥ al-nuẓum al-musammá bi-al-Farā'id al-sunnīyah fī furūʻ al-fiqh ʻalá madhhab al-Imām Abī Ḥanīfah al-Nuʻmān</subfield>
		<subfield code="w">(NjP)2763399</subfield>
		<subfield code="w">(OCoLC)23522900</subfield>
	</datafield>
	<datafield ind1="4" ind2="0" tag="856">
		<subfield code="u">http://hdl.handle.net/2333.1/3xsj451h</subfield>
	</datafield>
	<datafield ind1=" " ind2=" " tag="959">
		<subfield code="a">NNU</subfield>
		<subfield code="b">WEB</subfield>
		<subfield code="c">GENI</subfield>
		<subfield code="t">0</subfield>
		<subfield code="m">Electronic access</subfield>
		<subfield code="s">01</subfield>
	</datafield>
	<datafield ind1=" " ind2=" " tag="999">
		<subfield code="i">NjP_2763399</subfield>
		<subfield code="o">(OCoLC)ocm23522900 </subfield>
		<subfield code="s">princeton_aco002233</subfield>
		<subfield code="e">(ERROR-880)</subfield>
	</datafield>
</record>
